@book{Woodward2017,
   author = {Woodward, W.A. and Gray, H.L. and Elliott, A.C.},
   title = {Applied times series analysis with R. Second Edition},
   publisher = {CRC Press},
   address = {Boca Raton, FL},
   edition = {Second},
   pages = {618},
   year = {2017},
   type = {Book}
}



